@misc{SimpsonTeleman,
   author={Carlos Simpson and Constantin Teleman},
   title={De Rham's theorem for stacks},
   year={1997},
   note={Notes},
   url={https://math.berkeley.edu/~teleman/math/simpson.pdf}
}

@article{SatiSchreiberStasheff2012,
   author = {{Sati}, H. and {Schreiber}, U. and {Stasheff}, J.},
    title = "{Twisted differential String and Fivebrane Structures}",
  journal = {Commun. Math. Phys.},
     year = 2012,
   volume = 315,
    pages = {169-213}
}

@ARTICLE{Shulman2015,
  author = {Michael Shulman},
  title = {{B}rouwer's fixed-point theorem in real-cohesive homotopy type theory},
  journal = {ArXiv e-prints},
  year = {2015},
  archiveprefix = {arXiv},
  eprint = {1509.07584},
  primaryclass = {math.CT}
}

@MISC{Licata2017,
  author = {Licata, Daniel R and Shulman, Michael and Riley, Mitchell},
  title = {A Fibrational Framework for Substructural and Modal Logics (extended
	version)},
  year = {2017},
  note = {Draft},
  url = {http://dlicata.web.wesleyan.edu/pubs/lsr17multi/lsr17multi-ex.pdf}
}

@ARTICLE{Licata2016,
  author = {Licata, Daniel R. and Shulman, Michael},
  title = {Adjoint Logic with a 2-Category of Modes},
  year = {2016},
  pages = {219--235},
  booktitle = {Logical Foundations of Computer Science: International Symposium,
	LFCS 2016, Deerfield Beach, FL, USA, January 4-7, 2016. Proceedings},
  doi = {10.1007/978-3-319-27683-0_16},
  editor = {Artemov, Sergei and Nerode, Anil},
  publisher = {Springer International Publishing},
  url = {http://dx.doi.org/10.1007/978-3-319-27683-0_16}
}

@ARTICLE{Schreiber2013,
  author = {Schreiber, Urs},
  title = {{Differential cohomology in a cohesive infinity-topos}},
  year = {2013},
  archiveprefix = {arXiv},
  eprint = {1310.7930},
  primaryclass = {math-ph}
}

@MISC{Wellen2017,
  author = {Felix Wellen},
  title = {Formalizing {C}artan {G}eometry in {M}odal {H}omotopy {T}ype {T}heory},
  howpublished = {PhD Thesis (in preparation)},
  year = {2017},
  url = {http://www.math.kit.edu/iag3/~wellen/media/diss.pdf}
}

@ARTICLE{Pfenning2001,
  author = {Pfenning, Frank and Davies, Rowan},
  title = {A judgmental reconstruction of modal logic},
  journal = {Mathematical structures in computer science},
  year = {2001},
  volume = {11},
  pages = {511--540},
  number = {04},
  month = {8},
  doi = {10.1017/S0960129501003322},
  issue = {04},
  numpages = {30},
  publisher = {Cambridge Univ Press}
}
